

@article{american2010diagnosis,
  title={Diagnosis and classification of diabetes mellitus},
  author={{American Diabetes Association}},
  journal={Diabetes care},
  volume={33},
  number={Supplement 1},
  pages={S62--S69},
  year={2010},
  publisher={Am Diabetes Assoc},
}

@article{bobkov1999transport,
  title={Exponential integrability and transportation cost related to logarithmic Sobolev inequalities},
  author={Bobkov, Sergej G and G{\"o}tze, Friedrich},
  journal={Journal of Functional Analysis},
  volume={163},
  number={1},
  pages={1--28},
  year={1999},
  publisher={Elsevier}
}

@article{bosc2019large,
  title={Large scale comparison of QSAR and conformal prediction methods and their applications in drug discovery},
  author={Bosc, Nicolas and Atkinson, Francis and Felix, Eloy and Gaulton, Anna and Hersey, Anne and Leach, Andrew R},
  journal={Journal of Cheminformatics},
  volume={11},
  number={1},
  pages={4},
  year={2019},
  publisher={Nature Publishing Group}
}

@inproceedings{vovk2014ridge,
  title={Efficiency of conformalized ridge regression},
  author={Burnaev, Evgeny and Vovk, Vladimir},
  booktitle={Conference on Learning Theory},
  pages={605--622},
  year={2014}
}

@article{cho2018idf,
  title={IDF Diabetes Atlas: Global estimates of diabetes prevalence for 2017 and projections for 2045},
  author={Cho, NH and Shaw, JE and Karuranga, S and Huang, Y and da Rocha Fernandes, JD and Ohlrogge, AW and Malanda, B},
  journal={Diabetes research and clinical practice},
  volume={138},
  pages={271--281},
  year={2018},
  publisher={Elsevier}
}

@article{ciollaro2018functional,
  author = {Ciollaro, Mattia and Cisewski, Jessi and Freeman, Peter E. and 
    Genovese, Christopher R. and Lei, Jing and O'Connell, Ross and 
    Wasserman, Larry},
  title = {Functional Regression for Quasar Spectra},
  journal = {preprint},
  year = 2018, 
  url = {https://arxiv.org/pdf/1404.3168.pdf}
}

@article{chernozhukov2018causal,
  author = {Chernozhukov, Victor and W{\"u}thrich, Kasper and Zhu, Yinchu},
  title = {An Exact and Robust Conformal Inference Method for Counterfactual and Synthetic Controls},
  journal = {preprint},
  year = 2018, 
  url = {https://arxiv.org/pdf/1712.09089.pdf}
}

@article{chernozhukov2018timeseries,
  author = {Chernozhukov, Victor and W{\"u}thrich, Kasper and Zhu, Yinchu},
  title = {Exact and Robust Conformal Inference Methods for Predictive
    Machine Learning With Dependent Data},
  journal = {preprint},
  year = 2018, 
  url = {https://arxiv.org/pdf/1802.06300.pdf}
}

@article{cortes2018deep,
  title={Deep Confidence: A Computationally Efficient Framework for Calculating Reliable Prediction Errors for Deep Neural Networks},
  author={Cort{\'e}s-Ciriano, Isidro and Bender, Andreas},
  journal={Journal of Chemical Information and Modeling},
  year={2018},
  publisher={ACS Publications}
}

@article{devetyarov2012cancer,
  author = {Devetyarov, Dmitry and Nouretdinov, Ilia and Burford, Brian 
    and Camuzeaux, Stephane and Gentry-Maharaj, Aleksandra and Tiss, Ali 
    and Smith, Celia and Luo, Zhiyuan and Chervonenkis, Alexey and 
    Hallett, Rachel and Vovk, Volodya and Waterfield, Mike and Cramer, Rainer 
    and Timms, John F. and Sinclair, John and Menon, Usha and Jacobs, Ian 
    and Gammerman, Alex},
  title = {Conformal predictors in early diagnostics of ovarian and breast cancers},
  journal = {Progress in Artificial Intelligence},
  year = 2012,
  volume = {1},
  number = {3},
  pages = {245--257},
}

@article{djellout2004transport,
  title={Transportation cost-information inequalities and applications to random dynamical systems and diffusions},
  author={Djellout, Hacene and Guillin, Arnaud and Wu, Liming and others},
  journal={The Annals of Probability},
  volume={32},
  number={3B},
  pages={2702--2732},
  year={2004},
  publisher={Institute of Mathematical Statistics}
}

@article{dunn2018distribution,
  author = {Dunn, Robin and Wasserman, Larry},
  title = {Distribution-Free Prediction Sets with Random Effects},
  journal = {preprint},
  year = 2018, 
  url = {https://arxiv.org/pdf/1809.07441.pdf}
}

@article{eck2019conformal,
  author = {Eck, Daniel J. and Crawford, Forrest W. and Aronow, Peter M.}, 
  title = {Conformal inference for exponential families and generalized 
    linear models}, 
  year = 2019, 
  journal = {preprint}
}

@Manual{eck2018conformalR,
     TITLE = {conformal.glm: Conformal Prediction for Generalized Linear Regression Models},
    AUTHOR = {Eck, Daniel J.},
      YEAR = {2018},
      NOTE = "\url{https://github.com/DEck13/conformal.glm}",
}

@article{eklund2015drug,
  title={The application of conformal prediction to the drug discovery process},
  author={Eklund, Martin and Norinder, Ulf and Boyer, Scott and Carlsson, Lars},
  journal={Annals of Mathematics and Artificial Intelligence},
  volume={74},
  number={1-2},
  pages={117--132},
  year={2015},
  publisher={Springer}
}

@Manual{faraway2016R,
     TITLE = {faraway: Functions and Datasets for Books by Julian Faraway},
    AUTHOR = {Faraway, Julian},
      YEAR = {2016},
      NOTE = "\url{https://cran.r-project.org/web/packages/faraway/index.html}"
}

@article{gammerman2007hedging,
    author = {Gammerman, Alexander and Vovk, Vladimir },
    title = "{Hedging Predictions in Machine Learning:  The Second Computer Journal Lecture }",
    journal = {The Computer Journal},
    volume = {50},
    number = {2},
    pages = {151--163},
    year = {2007},
    month = {02}
}

@article{gine2002rates,
  title = "Rates of strong uniform consistency for multivariate kernel density estimators",
  author = "Evarist Gin\'e and Armelle Guillou",
  journal = "Annales de l'Institut Henri Poincare (B) Probability and Statistics",
  volume = "38",
  number = "6",
  pages = "907--921",
  year = "2002"
}

@article{heikes2008diabetes,
  title={Diabetes Risk Calculator: a simple tool for detecting undiagnosed diabetes and pre-diabetes},
  author={Heikes, Kenneth E and Eddy, David M and Arondekar, Bhakti and Schlessinger, Leonard},
  journal={Diabetes care},
  volume={31},
  number={5},
  pages={1040--1045},
  year={2008},
  publisher={Am Diabetes Assoc}
}

@article{ji2018emoltox,
  title={eMolTox: prediction of molecular toxicity with confidence},
  author={Ji, Changge and Svensson, Fredrik and Zoufir, Azedine and Bender, Andreas and Valencia, Alfonso},
  journal={Bioinformatics},
  volume={1},
  pages={2},
  year={2018},
  publisher={Oxford University Press}
}

@article{johansson2018interpretable,
  title={Interpretable regression trees using conformal prediction},
  author={Johansson, Ulf and Linusson, Henrik and L{\"o}fstr{\"o}m, Tuve and Bostr{\"o}m, Henrik},
  journal={Expert systems with applications},
  volume={97},
  pages={394--404},
  year={2018},
  publisher={Elsevier}
}

@article{lambrou2009diagnosis,
  author = {Lambrou, Antonis and Papadopoulos, Harris and Gammerman, Alex}, 
  title = {Evolutionary Conformal Prediction for Breast Cancer Diagnosis.}, 
  journal = {Proceedings of 9th International Conference on Information 
    Technology and Applications in Biomedicine}, 
  year = 2009, 
  pages = {1--4}
}

@article{ledoux1999logsobolev, 
  author = {Ledoux, Michel},
  title = {Concentration of measure and logarithmic Sobolev inequalities}, 
  journal = {Lecture Notes in Math}, 
  volume = {1709}, 
  year = 1999, 
  pages = {120--216} 
}

@article{lei2013distribution,
  author = {Lei, Jing and Robins, James and Wasserman, Larry},
  title = {Distribution-Free Prediction Sets},
  journal = {Journal of the American Statistical Association},
  volume = {108},
  year = 2013,
  pages = {278--287}
}

@article{lei2014distribution,
  author = {Lei, Jing and Wasserman, Larry},
  title = {Distribution-free prediction bands for nonparametric 
    regression},
  journal = {Journal of the Royal Statistical Society series B},
  volume = {76, 1},
  year = 2014,
  pages = {71--96} 
}

@article{lei2015conformal,
  author = {Lei, Jing and Rinaldo, Alessandro and Wasserman, Larry},
  title = {A conformal prediction approach to explore functional data},
  journal = {Annals of Mathematics and Artificial Intelligence},
  volume = {74},
  year = 2015,
  pages = {29--43}  
}

@article{lei2018distribution,
 title={Distribution-free predictive inference for regression},
 author={Lei, Jing and Gâ€™Sell, Max and Rinaldo, Alessandro and Tibshirani, Ryan J and Wasserman, Larry},
 journal={Journal of the American Statistical Association},
 volume={113},
 number={523},
 pages={1094--1111},
 year={2018},
 publisher={Taylor \& Francis}
}

@article{mcgovern1996recent,
  title={Recent trends in acute coronary heart disease--mortality, morbidity, medical care, and risk factors},
  author={McGovern, Paul G and Pankow, James S and Shahar, Eyal and Doliszny, Katherine M and Folsom, Aaron R and Blackburn, Henry and Luepker, Russell V},
  journal={New England Journal of Medicine},
  volume={334},
  number={14},
  pages={884--890},
  year={1996},
  publisher={Mass Medical Soc}
}

@Manual{meredith2018HDIntervalR,
     TITLE = {HDInterval: Highest (Posterior) Density Intervals},
    AUTHOR = {Meredith, Mike and Kruschke, John},
      YEAR = {2018},
      NOTE = "\url{https://cran.r-project.org/web/packages/HDInterval/}"
}

@article{miao2010concentration,
  title={Concentration inequality of maximum likelihood estimator},
  author={Miao, Yu},
  journal={Applied Mathematics Letters},
  volume={23},
  number={10},
  pages={1305--1309},
  year={2010},
}
@article{norinder2018predictinga,
  title={Predicting Aromatic Amine Mutagenicity with Confidence: A Case Study Using Conformal Prediction},
  author={Norinder, Ulf and Myatt, Glenn and Ahlberg, Ernst},
  journal={Biomolecules},
  volume={8},
  number={3},
  pages={85},
  year={2018},
  publisher={Multidisciplinary Digital Publishing Institute}
}

@article{norinder2018predictingb,
  title={Predicting Ames Mutagenicity Using Conformal Prediction in the Ames/QSAR International Challenge Project},
  author={Norinder, Ulf and Ahlberg, Ernst and Carlsson, Lars},
  journal={Mutagenesis},
  year={2018}
}

@article{papa2011neural,
  author = {Papadopoulos, Harris and Vovk, Vladimir and Gammerman, Alex},
  title = {Inductive conformal prediction: Theory and application 
    to neural networks}, 
  journal = {Journal of Artificial Intelligence Research}, 
  volume = {40}, 
  year = 2011, 
  pages = {815--840}
}

@Manual{R-core,
     TITLE = {R: A Language and Environment for Statistical Computing},
    AUTHOR = {{R Core Team}},
ORGANIZATION = {R Foundation for Statistical Computing},
   ADDRESS = {Vienna, Austria},
      YEAR = {2019},
      NOTE = "\url{https://www.R-project.org/}",
}

@article{shafer2008tutorial,
  author = {Shafer, Glenn and Vovk, Vladimir},
  title = {A tutorial on conformal prediction},
  journal = {Journal of Machine Learning Research},
  volume = {9},
  year = 2008,
  pages = {371--421} 
}

@article{svensson2018maximizing,
  title={Maximizing gain in high-throughput screening using conformal prediction},
  author={Svensson, Fredrik and Afzal, Avid M and Norinder, Ulf and Bender, Andreas},
  journal={Journal of cheminformatics},
  volume={10},
  number={1},
  pages={7},
  year={2018},
  publisher={Springer}
}

@article{svensson2018conformal,
  title={Conformal Regression for Quantitative Structure--Activity Relationship Modeling--Quantifying Prediction Uncertainty},
  author={Svensson, Fredrik and Aniceto, Natalia and Norinder, Ulf and Cortes-Ciriano, Isidro and Spjuth, Ola and Carlsson, Lars and Bender, Andreas},
  journal={Journal of Chemical Information and Modeling},
  volume={58},
  number={5},
  pages={1132--1140},
  year={2018},
  publisher={ACS Publications}
}

@Manual{thibshirani2016conformalR,
     TITLE = {conformalInference: Tools for conformal inference in regression},
    AUTHOR = {Tibshirani, Ryan},
      YEAR = {2016},
      NOTE = "\url{https://github.com/ryantibs/conformal}"
}

@article{toccaceli2020conformal,
  title={Conformal Prediction of Biological Activity of Chemical Compounds},
  author={Toccaceli, Paolo and Gammerman, Alexander and Nouretdinov, Ilia},
  journal={Horizon},
  pages={671555},
  year={2020}
}

@article{vovk2009online,
  title={On-line predictive linear regression},
  author={Vovk, Vladimir and Nouretdinov, Ilia and Gammerman, Alex},
  journal={The Annals of Statistics},
  volume={37},
  number={3},
  pages={1566--1590},
  year={2009},
  publisher={Institute of Mathematical Statistics}
}

@article{vovk2012conditional, 
  author = {Vovk, Vladimir},
  title = {Conditional validity of inductive conformal predictors}, 
  journal = {Proceedings of Machine Learning Research}, 
  volume = {25}, 
  year = 2012,
  pages = {475--490}
}

@article{wang2018fast,
  title={A fast and efficient conformal regressor with regularized extreme learning machine},
  author={Wang, Di and Wang, Ping and Shi, Junzhi},
  journal={Neurocomputing},
  volume={304},
  pages={1--11},
  year={2018},
  publisher={Elsevier}
}

@article{willems1997prevalence,
  title={Prevalence of coronary heart disease risk factors among rural blacks: a community-based study.},
  author={Willems, James P and Saunders, J Terry and Hunt, Dawn E and Schorling, John B},
  journal={Southern medical journal},
  volume={90},
  number={8},
  pages={814--820},
  year={1997}
}

@article{wilson1998prediction,
  title={Prediction of coronary heart disease using risk factor categories},
  author={Wilson, Peter WF and Dâ€™Agostino, Ralph B and Levy, Daniel and Belanger, Albert M and Silbershatz, Halit and Kannel, William B},
  journal={Circulation},
  volume={97},
  number={18},
  pages={1837--1847},
  year={1998},
  publisher={Am Heart Assoc}
}

@techreport{world2011use,
  title={Use of glycated haemoglobin (HbA1c) in diagnosis of diabetes mellitus: abbreviated report of a WHO consultation},
  author={{World Health Organization}},
  year={2011},
  institution={Geneva: World Health Organization}
}



@book{aronow2018agnostic, 
  author = {Aronow, Peter M. and Miller, Benjamin T.}, 
  title = {Foundations of Agnostic Statistics}, 
  publisher = {Cambridge University Press}, 
  year = 2018
}

@book{balasubramanian2014conformal,
  title={Conformal prediction for reliable machine learning: theory, adaptations and applications},
  author={Balasubramanian, Vineeth and Ho, Shen-Shyang and Vovk, Vladimir},
  year={2014},
  publisher={Morgan Kaufmann, Boston}
}

@book{faraway2016extending,
  title={Extending the linear model with R: generalized linear, mixed effects and nonparametric regression models},
  author={Faraway, Julian J},
  year={2016},
  publisher={Chapman and Hall/CRC}
}

@book{ledoux2001concentration, 
  author = {Ledoux, Michel}, 
  title = {The Concentration of Measure Phenomenon}, 
  publisher = {Amer. Math. Soc., Providence}, 
  year = 2001
}

@book{mccullagh1989generalized,
  title={Generalized linear models},
  author={McCullagh, Peter and Nelder, John A},
  volume={37},
  year={1989},
  publisher={CRC press}
}

@book{rock-wets,
    AUTHOR = {Rockafellar, R. Tyrrell and Wets, Roger J.-B.},
     TITLE = {Variational Analysis},
 PUBLISHER = {Springer-Verlag},
      YEAR = {1998},
      NOTE = {Corrected printings contain extensive changes. We used
   the third corrected printing, 2010},
}

@book{villani2008optimal,
  title={Optimal transport: old and new},
  author={Villani, C{\'e}dric},
  volume={338},
  year={2008},
  publisher={Springer Science \& Business Media}
}

@book{vovk2005springer,
  author = {Vovk, Vladimir and Gammerman, Alex and Shafer, Glenn},
  title = {Algorithmic Learning in a Random World},
  year = 2005,
  publisher = {Springer}
}

@book{wainwright2019high,
  author = {Wainwright, Martin J.},
  title = {High-Dimensional Statistics: A Non-Asymptotic Viewpoint},
  year = {2019},
  publisher = {Cambridge Series in Statistical and Probabilistic Mathematics},
  Note = {We used a preprint at 
    \url{https://www.stat.berkeley.edu/~mjwain/stat210b/Chap2_TailBounds_Jan22_2015.pdf}}
}



